<?xml version="1.0" encoding="utf-8"?>
<record xmlns="http://www.loc.gov/MARC21/slim" xmlns:xsi="http://www.w3.org/2001/XMLSchema-instance" xsi:schemaLocation="http://www.loc.gov/MARC21/slim http://www.loc.gov/standards/marcxml/schema/MARC21slim.xsd">
	<leader>     nam a22     Mi 4500</leader>
	<controlfield tag="001">2839685</controlfield>
	<controlfield tag="003">NjP</controlfield>
	<controlfield tag="006">m        d        </controlfield>
	<controlfield tag="007">cr cn |||m|||a</controlfield>
	<controlfield tag="008">190221s1867    mr      o     000 0 ara d</controlfield>
	<datafield ind1=" " ind2=" " tag="040">
		<subfield code="a">ZYU</subfield>
		<subfield code="b">ara</subfield>
		<subfield code="e">rda</subfield>
		<subfield code="c">ZYU</subfield>
	</datafield>
	<datafield ind1=" " ind2="4" tag="050">
		<subfield code="a">KBP320.I262</subfield>
		<subfield code="b">A38 1867</subfield>
	</datafield>
	<datafield ind1="1" ind2=" " tag="100">
		<subfield code="6">880-01</subfield>
		<subfield code="a">Tāwudī, Muḥammad,</subfield>
		<subfield code="d">1699 or 1700-1795.</subfield>
	</datafield>
	<datafield ind1="1" ind2="0" tag="240">
		<subfield code="6">880-02</subfield>
		<subfield code="a">Sharḥ al-Tāwudī ʻalá Tuḥfat al-ḥukkām</subfield>
	</datafield>
	<datafield ind1="1" ind2="0" tag="245">
		<subfield code="6">880-03</subfield>
		<subfield code="a">Hādhā Sharḥ al-Imām al-ʻallāmah al-humām shaykh al-Islām wa-muḥarrir al-nawāzil wa-al-aḥkām Abī ʻAbd Allāh Sayyidī Muḥammad al-Tāwudī ibn Sūdah ʻalá Tuḥfat al-ḥukkām  /</subfield>
		<subfield code="c">lil-Imām ... Muḥammad ibn Muḥammad ibn Muḥammad ibn ʻĀṣim al-Gharnāṭī.</subfield>
	</datafield>
	<datafield ind1="3" ind2="0" tag="246">
		<subfield code="6">880-04</subfield>
		<subfield code="a">Sharḥ Abī ʻAbd Allāh Muḥammad al-Tāwudī ibn Sūdah ʻalá Tuḥfat al-ḥukkām</subfield>
	</datafield>
	<datafield ind1=" " ind2=" " tag="260">
		<subfield code="6">880-05</subfield>
		<subfield code="a">Fās :</subfield>
		<subfield code="b">Maṭbaʻat al-Saʻīdah al-ʻĀmirah,</subfield>
		<subfield code="c">1284 [1867]</subfield>
	</datafield>
	<datafield ind1=" " ind2=" " tag="300">
		<subfield code="a">online resource (556 pages)</subfield>
	</datafield>
	<datafield ind1=" " ind2=" " tag="336">
		<subfield code="a">text</subfield>
		<subfield code="2">rdacontent</subfield>
	</datafield>
	<datafield ind1=" " ind2=" " tag="337">
		<subfield code="a">computer</subfield>
		<subfield code="2">rdamedia</subfield>
	</datafield>
	<datafield ind1=" " ind2=" " tag="338">
		<subfield code="a">online resource</subfield>
		<subfield code="2">rdacarrier</subfield>
	</datafield>
	<datafield ind1=" " ind2=" " tag="500">
		<subfield code="a">Part of the Arabic Collections Online (ACO) project, contributed by Princeton University Libraries.</subfield>
	</datafield>
	<datafield ind1=" " ind2=" " tag="533">
		<subfield code="a">Electronic reproduction.</subfield>
		<subfield code="b">New York, N.Y. :</subfield>
		<subfield code="c">New York University,</subfield>
		<subfield code="d">2019.</subfield>
		<subfield code="5">NNU</subfield>
	</datafield>
	<datafield ind1="1" ind2="0" tag="600">
		<subfield code="a">Ibn ʻĀṣim, Muḥammad ibn Muḥammad,</subfield>
		<subfield code="d">1359-1426.</subfield>
		<subfield code="t">Tuḥfat al-ḥukkām fī nukat al-ʻuqūd wa-al-aḥkām.</subfield>
	</datafield>
	<datafield ind1=" " ind2="0" tag="650">
		<subfield code="a">Islamic law</subfield>
		<subfield code="v">Early works to 1800.</subfield>
	</datafield>
	<datafield ind1="0" ind2="7" tag="630">
		<subfield code="a">Tuḥfat al-ḥukkām fī nukat al-ʻuqūd wa-al-aḥkām (Ibn ʻĀṣim, Muḥammad ibn Muḥammad)</subfield>
		<subfield code="2">fast</subfield>
		<subfield code="0">(OCoLC)fst01383359</subfield>
	</datafield>
	<datafield ind1=" " ind2="7" tag="650">
		<subfield code="a">Islamic law.</subfield>
		<subfield code="2">fast</subfield>
		<subfield code="0">(OCoLC)fst00979949</subfield>
	</datafield>
	<datafield ind1=" " ind2="7" tag="655">
		<subfield code="a">Early works.</subfield>
		<subfield code="2">fast</subfield>
		<subfield code="0">(OCoLC)fst01411636</subfield>
	</datafield>
	<datafield ind1=" " ind2="7" tag="655">
		<subfield code="a">Lithographs</subfield>
		<subfield code="z">Morocco</subfield>
		<subfield code="y">1867.</subfield>
		<subfield code="2">gmgpc</subfield>
	</datafield>
	<datafield ind1="2" ind2=" " tag="710">
		<subfield code="a">Princeton University.</subfield>
		<subfield code="b">Library.</subfield>
	</datafield>
	<datafield ind1="0" ind2=" " tag="730">
		<subfield code="a">Arabic Collections Online.</subfield>
	</datafield>
	<datafield ind1="0" ind2="8" tag="776">
		<subfield code="i">Print version:</subfield>
		<subfield code="a">Tāwudī, Muḥammad, 1699 or 1700-1795.</subfield>
		<subfield code="t">Hādhā Sharḥ al-Imām al-ʻallāmah al-humām shaykh al-Islām wa-muḥarrir al-nawāzil wa-al-aḥkām Abī ʻAbd Allāh Sayyidī Muḥammad al-Tāwudī ibn Sūdah ʻalá Tuḥfat al-ḥukkām</subfield>
		<subfield code="w">(NjP)2839685</subfield>
		<subfield code="w">(OCoLC)78264206</subfield>
	</datafield>
	<datafield ind1="4" ind2="0" tag="856">
		<subfield code="u">http://hdl.handle.net/2333.1/wpzgn178</subfield>
	</datafield>
	<datafield ind1="1" ind2=" " tag="880">
		<subfield code="6">100-01</subfield>
		<subfield code="a">تاودي، محمد، ‎‎</subfield>
		<subfield code="d">1699 or 1700-1795.</subfield>
	</datafield>
	<datafield ind1="1" ind2="0" tag="880">
		<subfield code="6">240-02</subfield>
		<subfield code="a">شرح التاودي على تحفة الحكام‎‎</subfield>
	</datafield>
	<datafield ind1="1" ind2="0" tag="880">
		<subfield code="6">245-03</subfield>
		<subfield code="a">هذا شرح الامام العلامة الهمام شيخ الاسلام ومحرر النوازل والاحكام ابي عبد الله سيدي محمد التاودي بن سودة على تحفة الحكام  /‎‎</subfield>
		<subfield code="c">للامام ... محمد بن محمد بن محمد بن عاصم الغرناطي.‎‎</subfield>
	</datafield>
	<datafield ind1="3" ind2="0" tag="880">
		<subfield code="6">246-04</subfield>
		<subfield code="a">شرح ابي عبد الله محمد التاودي بن سودة على تحفة الحكام‎‎</subfield>
	</datafield>
	<datafield ind1=" " ind2=" " tag="880">
		<subfield code="6">260-05</subfield>
		<subfield code="a">فاس :‎‎</subfield>
		<subfield code="b">مطبعة السعيدة العامرة،‎‎</subfield>
		<subfield code="c">1284 [1867]</subfield>
	</datafield>
	<datafield ind1=" " ind2=" " tag="959">
		<subfield code="a">NNU</subfield>
		<subfield code="b">WEB</subfield>
		<subfield code="c">GENI</subfield>
		<subfield code="t">0</subfield>
		<subfield code="m">Electronic access</subfield>
		<subfield code="s">01</subfield>
	</datafield>
	<datafield ind1=" " ind2=" " tag="999">
		<subfield code="i">NjP_2839685</subfield>
		<subfield code="o">(OCoLC)ocm78264206</subfield>
		<subfield code="s">princeton_aco001701</subfield>
		<subfield code="e">(ERROR-880)(ERROR-MISC)</subfield>
		<subfield code="s">princeton_aco001701</subfield>
	</datafield>
</record>
